@inproceedings{almajai2016improved,
  title={Improved speaker independent lip reading using speaker adaptive training and deep neural networks},
  author={Almajai, Ibrahim and Cox, Stephen and Harvey, Richard and Lan, Yuxuan},
  booktitle={2016 IEEE International Conference on Acoustics, Speech and Signal Processing (ICASSP)},
  pages={2722--2726},
  year={2016},
  organization={IEEE}
}
@article{assael2016lipnet,
  title={Lipnet: End-to-end sentence-level lipreading},
  author={Assael, Yannis M and Shillingford, Brendan and Whiteson, Shimon and De Freitas, Nando},
  journal={arXiv preprint arXiv:1611.01599},
  year={2016}
}
@article{gutierrez2017lip,
  title={Lip reading word classification},
  author={Gutierrez, Abiel and Robert, Z},
  journal={Comput Vision-ACCV},
  year={2017}
}
@article{adeel2019lip,
  title={Lip-reading driven deep learning approach for speech enhancement},
  author={Adeel, Ahsan and Gogate, Mandar and Hussain, Amir and Whitmer, William M},
  journal={IEEE Transactions on Emerging Topics in Computational Intelligence},
  volume={5},
  number={3},
  pages={481--490},
  year={2019},
  publisher={IEEE}
}
@article{lu2019automatic,
  title={Automatic lip-reading system based on deep convolutional neural network and attention-based long short-term memory},
  author={Lu, Yuanyao and Li, Hongbo},
  journal={Applied Sciences},
  volume={9},
  number={8},
  pages={1599},
  year={2019},
  publisher={MDPI}
}
@article{miled2023lip,
  title={Lip reading of words with lip segmentation and deep learning},
  author={Miled, Malek and Messaoud, Mohammed Anouar Ben and Bouzid, Aicha},
  journal={Multimedia Tools and Applications},
  volume={82},
  number={1},
  pages={551--571},
  year={2023},
  publisher={Springer}
}
}
@article{stafylakis2017combining,
  title={Combining residual networks with LSTMs for lipreading},
  author={Stafylakis, Themos and Tzimiropoulos, Georgios},
  journal={arXiv preprint arXiv:1703.04105},
  year={2017}
}

@article{lu2019automatic,
  title={Automatic lip-reading system based on deep convolutional neural network and attention-based long short-term memory},
  author={Lu, Yuanyao and Li, Hongbo},
  journal={Applied Sciences},
  volume={9},
  number={8},
  pages={1599},
  year={2019},
  publisher={MDPI}
}
@article{hao2020survey,
  title={A survey of research on lipreading technology},
  author={Hao, Mingfeng and Mamut, Mutallip and Yadikar, Nurbiya and Aysa, Alimjan and Ubul, Kurban},
  journal={IEEE Access},
  volume={8},
  pages={204518--204544},
  year={2020},
  publisher={IEEE}
}
@article{sarhan2021hlr,
  title={HLR-net: a hybrid lip-reading model based on deep convolutional neural networks},
  author={Sarhan, Amany M and Elshennawy, Nada M and Ibrahim, Dina M},
  journal={Computers, Materials \& Continua},
  volume={68},
  number={2},
  pages={1531--1549},
  year={2021},
  publisher={Computers, Materials and Continua (Tech Science Press)}
}
}
@article{el2023developing,
  title={Developing phoneme-based lip-reading sentences system for silent speech recognition},
  author={El-Bialy, Randa and Chen, Daqing and Fenghour, Souheil and Hussein, Walid and Xiao, Perry and Karam, Omar H and Li, Bo},
  journal={CAAI Transactions on Intelligence Technology},
  volume={8},
  number={1},
  pages={129--138},
  year={2023},
  publisher={Wiley Online Library}
}
@article{li2023improving,
  title={Improving Speech Recognition Performance in Noisy Environments by Enhancing Lip Reading Accuracy},
  author={Li, Dengshi and Gao, Yu and Zhu, Chenyi and Wang, Qianrui and Wang, Ruoxi},
  journal={Sensors},
  volume={23},
  number={4},
  pages={2053},
  year={2023},
  publisher={MDPI}
}
@article{zhang2023research,
  title={Research on a Lip Reading Algorithm Based on Efficient-GhostNet},
  author={Zhang, Gaoyan and Lu, Yuanyao},
  journal={Electronics},
  volume={12},
  number={5},
  pages={1151},
  year={2023},
  publisher={MDPI}
}
}
@article{stafylakis2017combining,
  title={Combining residual networks with LSTMs for lipreading},
  author={Stafylakis, Themos and Tzimiropoulos, Georgios},
  journal={arXiv preprint arXiv:1703.04105},
  year={2017}
}

@article{lu2019automatic,
  title={Automatic lip-reading system based on deep convolutional neural network and attention-based long short-term memory},
  author={Lu, Yuanyao and Li, Hongbo},
  journal={Applied Sciences},
  volume={9},
  number={8},
  pages={1599},
  year={2019},
  publisher={MDPI}
}

@article{sarhan2021hlr,
  title={HLR-net: a hybrid lip-reading model based on deep convolutional neural networks},
  author={Sarhan, Amany M and Elshennawy, Nada M and Ibrahim, Dina M},
  journal={Computers, Materials \& Continua},
  volume={68},
  number={2},
  pages={1531--1549},
  year={2021},
  publisher={Computers, Materials and Continua (Tech Science Press)}
}

@article{peng2023selftalk,
  title={SelfTalk: A Self-Supervised Commutative Training Diagram to Comprehend 3D Talking Faces},
  author={Peng, Ziqiao and Luo, Yihao and Shi, Yue and Xu, Hao and Zhu, Xiangyu and Liu, Hongyan and He, Jun and Fan, Zhaoxin},
  journal={arXiv preprint arXiv:2306.10799},
  year={2023}
}

